<record><leader>00000cas a22000007a 4500</leader><controlfield tag="001">11944580</controlfield><controlfield tag="008">850420d18851887wiuwr ne      0    0eng d</controlfield><datafield ind1=" " ind2=" " tag="010"><subfield code="a">sn 85040418 </subfield></datafield><datafield ind1=" " ind2=" " tag="040"><subfield code="a">NPV</subfield><subfield code="b">eng</subfield><subfield code="c">NPV</subfield><subfield code="d">OCLCQ</subfield></datafield><datafield ind1=" " ind2=" " tag="042"><subfield code="a">msc</subfield></datafield><datafield ind1=" " ind2=" " tag="043"><subfield code="a">n-us-wi</subfield></datafield><datafield ind1=" " ind2=" " tag="045"><subfield code="a">w8w8</subfield></datafield><datafield ind1=" " ind2=" " tag="052"><subfield code="a">4123</subfield><subfield code="b">B4</subfield></datafield><datafield ind1="0" ind2="4" tag="245"><subfield code="a">The Washburn bee.</subfield></datafield><datafield ind1=" " ind2=" " tag="260"><subfield code="a">Washburn, Wis. :</subfield><subfield code="b">[s.n.],</subfield><subfield code="c">1885-</subfield></datafield><datafield ind1=" " ind2=" " tag="300"><subfield code="a">v.</subfield></datafield><datafield ind1=" " ind2=" " tag="310"><subfield code="a">Weekly</subfield></datafield><datafield ind1="0" ind2=" " tag="362"><subfield code="a">Vol. 1, no. 1 (Mar. 14, 1885)-</subfield></datafield><datafield ind1="1" ind2=" " tag="362"><subfield code="a">Ceased in 1887.</subfield><subfield code="z">Cf. Oehlerts, d. Guide to Wis. newspapers.</subfield></datafield><datafield ind1=" " ind2=" " tag="500"><subfield code="a">Editors: F.S. Dunbar &amp; A.T. Williams, March 14, 1885-May 23, 1885; A.T. Williams, May 30, 1885-&lt;Jan. 23, 1886&gt;; A.T. Williams &amp; Co., &lt;Feb. 23, 1886&gt;-&lt;March 22, 1886&gt;; A.M. Warden, &lt;July 17, 1886&gt;; Swain &amp; Warden, July 24, 1886-Nov. 13, 1886; A.M. Warden, Nov. 20, 1886-&lt;Sept. 10, 1887&gt;.</subfield></datafield><datafield ind1=" " ind2=" " tag="530"><subfield code="a">Available on microfilm from The State Historical Society of Wisconsin.</subfield></datafield><datafield ind1=" " ind2=" " tag="752"><subfield code="a">United States</subfield><subfield code="b">Wisconsin</subfield><subfield code="c">Bayfield</subfield><subfield code="d">Washburn.</subfield></datafield><datafield ind1="1" ind2=" " tag="029"><subfield code="a">AU@</subfield><subfield code="b">000025800464</subfield></datafield></record>